@article{hoffman2015interface,
  title={The interface theory of perception},
  author={Hoffman, Donald D and Singh, Manish and Prakash, Chetan},
  journal={Psychonomic bulletin \& review},
  volume={22},
  number={6},
  pages={1480--1506},
  year={2015},
  publisher={Springer}
}
@article{mark2010natural,
  title={Natural selection and veridical perceptions},
  author={Mark, Justin T and Marion, Brian B and Hoffman, Donald D},
  journal={Journal of Theoretical Biology},
  volume={266},
  number={4},
  pages={504--515},
  year={2010},
  publisher={Elsevier}
}
@article{worden1995speed,
  title={A speed limit for evolution},
  author={Worden, Robert P},
  journal={Journal of Theoretical Biology},
  volume={176},
  number={1},
  pages={137--152},
  year={1995},
  publisher={Elsevier}
} % this source sucks cuz it argues that brains (perceptual system) actually evolve slowly, which is contrary to my assumptions. I think it's wrong though because of the fractal nature of brains and its focus on language development
@book{mitchell1998,
  title={An introduction to genetic algorithms},
  author={Mitchell, Melanie},
  year={1998},
  publisher={MIT press}
}
@book{roth2013long,
  title={The long evolution of brains and minds},
  author={Roth, Gerhard},
  year={2013},
  publisher={Springer}
}
@article{lynch2010rate,
  title={Rate, molecular spectrum, and consequences of human mutation},
  author={Lynch, Michael},
  journal={Proceedings of the National Academy of Sciences},
  volume={107},
  number={3},
  pages={961--968},
  year={2010},
  publisher={National Academy of Sciences},
  doi={10.1073/pnas.0912629107}
}
@article{smith1973logic,
  title={The Logic of Animal Conflict},
  author={Smith, John Maynard and Price, George R},
  journal={Nature},
  volume={246},
  number={5427},
  pages={15--18},
  year={1973},
  publisher={Nature Publishing Group},
  doi={10.1038/246015a0}
}

@book{axelrod1984evolution,
  title={The Evolution of Cooperation},
  author={Axelrod, Robert},
  year={1984},
  publisher={Basic Books}
}

@article{ray1992artificial,
  title={An Approach to the Synthesis of Life},
  author={Ray, Thomas S},
  journal={Artificial Life II},
  volume={10},
  pages={371--408},
  year={1992},
  publisher={Addison-Wesley}
}
